<record><leader>00000cas a2200000 a 4500</leader><controlfield tag="001">26200156</controlfield><controlfield tag="007">hd afu---baca</controlfield><controlfield tag="007">hd bfu---baaa</controlfield><controlfield tag="007">hd bfu---baba</controlfield><controlfield tag="008">920716d18341838mduwr nea     0    0eng c</controlfield><datafield ind1=" " ind2=" " tag="010"><subfield code="a">   00221529 </subfield></datafield><datafield ind1=" " ind2=" " tag="040"><subfield code="a">KAT</subfield><subfield code="b">eng</subfield><subfield code="c">KAT</subfield><subfield code="d">ATL</subfield><subfield code="d">OCL</subfield><subfield code="d">ATL</subfield><subfield code="d">OCLCQ</subfield><subfield code="d">OCLCF</subfield><subfield code="d">OCLCO</subfield><subfield code="d">OCLCQ</subfield></datafield><datafield ind1=" " ind2=" " tag="042"><subfield code="a">pcc</subfield></datafield><datafield ind1=" " ind2=" " tag="043"><subfield code="a">n-us---</subfield><subfield code="a">n-us-md</subfield></datafield><datafield ind1="1" ind2="4" tag="050"><subfield code="a">BX8400</subfield></datafield><datafield ind1="0" ind2=" " tag="130"><subfield code="a">Methodist protestant (Baltimore, Md. : 1834)</subfield></datafield><datafield ind1="1" ind2="4" tag="245"><subfield code="a">The Methodist protestant.</subfield></datafield><datafield ind1=" " ind2=" " tag="260"><subfield code="a">Baltimore :</subfield><subfield code="b">Book Committee of the Methodist Protestant Church,</subfield><subfield code="c">1834-1838.</subfield></datafield><datafield ind1=" " ind2=" " tag="300"><subfield code="a">4 volumes</subfield></datafield><datafield ind1=" " ind2=" " tag="310"><subfield code="a">Weekly</subfield></datafield><datafield ind1=" " ind2=" " tag="336"><subfield code="a">text</subfield><subfield code="b">txt</subfield><subfield code="2">rdacontent</subfield></datafield><datafield ind1=" " ind2=" " tag="337"><subfield code="a">microform</subfield><subfield code="b">h</subfield><subfield code="2">rdamedia</subfield></datafield><datafield ind1=" " ind2=" " tag="338"><subfield code="a">microfilm reel</subfield><subfield code="b">hd</subfield><subfield code="2">rdacarrier</subfield></datafield><datafield ind1="0" ind2=" " tag="362"><subfield code="a">New ser., vol. 1, no. 1 (June 11, 1834)-new ser., v. 4, no. 52 (July 2, 1838).</subfield></datafield><datafield ind1=" " ind2=" " tag="533"><subfield code="a">Microfilm.</subfield><subfield code="m">v.1-4 (1834-1838):[Lacks:v.3:no. 46]</subfield><subfield code="b">Evanston, Ill. :</subfield><subfield code="c">American Theological Library Association,</subfield><subfield code="d">1970.</subfield><subfield code="e">2 microfilm reels ; 35 mm.</subfield><subfield code="f">(ATLA serials preservation program ; ATLA film S0170A).</subfield></datafield><datafield ind1="2" ind2="0" tag="610"><subfield code="a">Methodist Protestant Church (U.S. : 1830-1939)</subfield><subfield code="v">Newspapers.</subfield></datafield><datafield ind1=" " ind2="0" tag="650"><subfield code="a">Methodist Church</subfield><subfield code="v">Newspapers.</subfield></datafield><datafield ind1="2" ind2="7" tag="610"><subfield code="a">Methodist Protestant Church (U.S. : 1830-1939)</subfield><subfield code="2">fast</subfield><subfield code="0">(OCoLC)fst00541688</subfield></datafield><datafield ind1=" " ind2="7" tag="650"><subfield code="a">Methodist Church.</subfield><subfield code="2">fast</subfield><subfield code="0">(OCoLC)fst01018643</subfield></datafield><datafield ind1=" " ind2="7" tag="655"><subfield code="a">Newspapers.</subfield><subfield code="2">fast</subfield><subfield code="0">(OCoLC)fst01423814</subfield></datafield><datafield ind1="1" ind2=" " tag="776"><subfield code="c">Original</subfield><subfield code="w">(DLC)sn 89060411</subfield><subfield code="w">(OCoLC)20769759</subfield></datafield><datafield ind1="0" ind2="0" tag="780"><subfield code="t">Mutual rights and Methodist Protestant</subfield><subfield code="w">(DLC)   00221528</subfield><subfield code="w">(OCoLC)9360999</subfield></datafield><datafield ind1="0" ind2="0" tag="785"><subfield code="t">Methodist Protestant and family visitor</subfield><subfield code="w">(DLC)   00221530</subfield><subfield code="w">(OCoLC)26200409</subfield></datafield><datafield ind1=" " ind2="0" tag="830"><subfield code="a">ATLA serials preservation program ;</subfield><subfield code="v">ATLA film S0170A.</subfield></datafield><datafield ind1="1" ind2=" " tag="029"><subfield code="a">AU@</subfield><subfield code="b">000021632107</subfield></datafield></record>